<record><leader>00000cas a22000007a 4500</leader><controlfield tag="001">17186603</controlfield><controlfield tag="008">871204u1911uuuutxuuu ne      0    0eng d</controlfield><datafield ind1=" " ind2=" " tag="010"><subfield code="a">sn 87091245 </subfield></datafield><datafield ind1=" " ind2=" " tag="040"><subfield code="a">PPM</subfield><subfield code="b">eng</subfield><subfield code="c">PPM</subfield><subfield code="d">OCLCQ</subfield></datafield><datafield ind1=" " ind2=" " tag="042"><subfield code="a">msc</subfield></datafield><datafield ind1="0" ind2="4" tag="245"><subfield code="a">The One body.</subfield></datafield><datafield ind1=" " ind2=" " tag="260"><subfield code="a">Anahuac, Tex. :</subfield><subfield code="b">Z.T. Winfree,</subfield><subfield code="c">1911-</subfield></datafield><datafield ind1="0" ind2=" " tag="362"><subfield code="a">Vol. 1, no. 1 (Jan. 3, 1911)-</subfield></datafield><datafield ind1=" " ind2=" " tag="752"><subfield code="a">United States</subfield><subfield code="b">Texas</subfield><subfield code="c">Chambers</subfield><subfield code="d">Anahuac.</subfield></datafield><datafield ind1="1" ind2=" " tag="029"><subfield code="a">AU@</subfield><subfield code="b">000025836612</subfield></datafield></record>